%%% ====================================================================
%%%  BibTeX-file{
%%%     author          = "Gerry Murray",
%%%     version         = "1.2",
%%%     date            = "2 April 2012",
%%%     filename        = "acmsmall-sample-bibfile.bib",
%%%     address         = "ACM, NY",
%%%     email           = "murray at hq.acm.org",
%%%     codetable       = "ISO/ASCII",
%%%     keywords        = "ACM Reference Format, bibliography, citation, references",
%%%     supported       = "yes",
%%%     docstring       = "This BibTeX database file contains 'bibdata' entries
%%%                        that 'match' the examples provided in the Specifications Document
%%%                        AND, also, 'legacy'-type bibs. It should assist authors in
%%%                        choosing the 'correct' at-bibtype and necessary bib-fields
%%%                        so as to obtain the appropriate ACM Reference Format output.
%%%                        It also contains many 'Standard Abbreviations'. "
%%%  }
%%% ====================================================================

% Journals

% First the Full Name is given, then the abbreviation used in the AMS Math
% Reviews, with an indication if it could not be found there.
% Note the 2nd overwrites the 1st, so swap them if you want the full name.

 %{AMS}
 @String{AMSTrans = "American Mathematical Society Translations" }
 @String{AMSTrans = "Amer. Math. Soc. Transl." }
 @String{BullAMS = "Bulletin of the American Mathematical Society" }
 @String{BullAMS = "Bull. Amer. Math. Soc." }
 @String{ProcAMS = "Proceedings of the American Mathematical Society" }
 @String{ProcAMS = "Proc. Amer. Math. Soc." }
 @String{TransAMS = "Transactions of the American Mathematical Society" }
 @String{TransAMS = "Trans. Amer. Math. Soc." }

 %ACM
 @String{CACM = "Communications of the {ACM}" }
 @String{CACM = "Commun. {ACM}" }
 @String{CompServ = "Comput. Surveys" }
 @String{JACM = "J. ACM" }
 @String{ACMMathSoft = "{ACM} Transactions on Mathematical Software" }
 @String{ACMMathSoft = "{ACM} Trans. Math. Software" }
 @String{SIGNUM = "{ACM} {SIGNUM} Newsletter" }
 @String{SIGNUM = "{ACM} {SIGNUM} Newslett." }

 @String{AmerSocio = "American Journal of Sociology" }
 @String{AmerStatAssoc = "Journal of the American Statistical Association" }
 @String{AmerStatAssoc = "J. Amer. Statist. Assoc." }
 @String{ApplMathComp = "Applied Mathematics and Computation" }
 @String{ApplMathComp = "Appl. Math. Comput." }
 @String{AmerMathMonthly = "American Mathematical Monthly" }
 @String{AmerMathMonthly = "Amer. Math. Monthly" }
 @String{BIT = "{BIT}" }
 @String{BritStatPsych = "British Journal of Mathematical and Statistical
          Psychology" }
 @String{BritStatPsych = "Brit. J. Math. Statist. Psych." }
 @String{CanMathBull = "Canadian Mathematical Bulletin" }
 @String{CanMathBull = "Canad. Math. Bull." }
 @String{CompApplMath = "Journal of Computational and Applied Mathematics" }
 @String{CompApplMath = "J. Comput. Appl. Math." }
 @String{CompPhys = "Journal of Computational Physics" }
 @String{CompPhys = "J. Comput. Phys." }
 @String{CompStruct = "Computers and Structures" }
 @String{CompStruct = "Comput. \& Structures" }
 @String{CompJour = "The Computer Journal" }
 @String{CompJour = "Comput. J." }
 @String{CompSysSci = "Journal of Computer and System Sciences" }
 @String{CompSysSci = "J. Comput. System Sci." }
 @String{Computing = "Computing" }
 @String{ContempMath = "Contemporary Mathematics" }
 @String{ContempMath = "Contemp. Math." }
 @String{Crelle = "Crelle's Journal" }
 @String{GiornaleMath = "Giornale di Mathematiche" }
 @String{GiornaleMath = "Giorn. Mat." } % didn't find in AMS MR., ibid.

 %IEEE
 @String{Computer = "{IEEE} Computer" }
 @String{IEEETransComp = "{IEEE} Transactions on Computers" }
 @String{IEEETransComp = "{IEEE} Trans. Comput." }
 @String{IEEETransAC = "{IEEE} Transactions on Automatic Control" }
 @String{IEEETransAC = "{IEEE} Trans. Automat. Control" }
 @String{IEEESpec = "{IEEE} Spectrum" } % didn't find in AMS MR
 @String{ProcIEEE = "Proceedings of the {IEEE}" }
 @String{ProcIEEE = "Proc. {IEEE}" } % didn't find in AMS MR
 @String{IEEETransAeroElec = "{IEEE} Transactions on Aerospace and Electronic
     Systems" }
 @String{IEEETransAeroElec = "{IEEE} Trans. Aerospace Electron. Systems" }

 @String{IMANumerAna = "{IMA} Journal of Numerical Analysis" }
 @String{IMANumerAna = "{IMA} J. Numer. Anal." }
 @String{InfProcLet = "Information Processing Letters" }
 @String{InfProcLet = "Inform. Process. Lett." }
 @String{InstMathApp = "Journal of the Institute of Mathematics and
     its Applications" }
 @String{InstMathApp = "J. Inst. Math. Appl." }
 @String{IntControl = "International Journal of Control" }
 @String{IntControl = "Internat. J. Control" }
 @String{IntNumerEng = "International Journal for Numerical Methods in
     Engineering" }
 @String{IntNumerEng = "Internat. J. Numer. Methods Engrg." }
 @String{IntSuper = "International Journal of Supercomputing Applications" }
 @String{IntSuper = "Internat. J. Supercomputing Applic." } % didn't find
%% in AMS MR
 @String{Kibernetika = "Kibernetika" }
 @String{JResNatBurStand = "Journal of Research of the National Bureau
     of Standards" }
 @String{JResNatBurStand = "J. Res. Nat. Bur. Standards" }
 @String{LinAlgApp = "Linear Algebra and its Applications" }
 @String{LinAlgApp = "Linear Algebra Appl." }
 @String{MathAnaAppl = "Journal of Mathematical Analysis and Applications" }
 @String{MathAnaAppl = "J. Math. Anal. Appl." }
 @String{MathAnnalen = "Mathematische Annalen" }
 @String{MathAnnalen = "Math. Ann." }
 @String{MathPhys = "Journal of Mathematical Physics" }
 @String{MathPhys = "J. Math. Phys." }
 @String{MathComp = "Mathematics of Computation" }
 @String{MathComp = "Math. Comp." }
 @String{MathScand = "Mathematica Scandinavica" }
 @String{MathScand = "Math. Scand." }
 @String{TablesAidsComp = "Mathematical Tables and Other Aids to Computation" }
 @String{TablesAidsComp = "Math. Tables Aids Comput." }
 @String{NumerMath = "Numerische Mathematik" }
 @String{NumerMath = "Numer. Math." }
 @String{PacificMath = "Pacific Journal of Mathematics" }
 @String{PacificMath = "Pacific J. Math." }
 @String{ParDistComp = "Journal of Parallel and Distributed Computing" }
 @String{ParDistComp = "J. Parallel and Distrib. Comput." } % didn't find
%% in AMS MR
 @String{ParComputing = "Parallel Computing" }
 @String{ParComputing = "Parallel Comput." }
 @String{PhilMag = "Philosophical Magazine" }
 @String{PhilMag = "Philos. Mag." }
 @String{ProcNAS = "Proceedings of the National Academy of Sciences
                    of the USA" }
 @String{ProcNAS = "Proc. Nat. Acad. Sci. U. S. A." }
 @String{Psychometrika = "Psychometrika" }
 @String{QuartMath = "Quarterly Journal of Mathematics, Oxford, Series (2)" }
 @String{QuartMath = "Quart. J. Math. Oxford Ser. (2)" }
 @String{QuartApplMath = "Quarterly of Applied Mathematics" }
 @String{QuartApplMath = "Quart. Appl. Math." }
 @String{RevueInstStat = "Review of the International Statisical Institute" }
 @String{RevueInstStat = "Rev. Inst. Internat. Statist." }

 %SIAM
 @String{JSIAM = "Journal of the Society for Industrial and Applied
     Mathematics" }
 @String{JSIAM = "J. Soc. Indust. Appl. Math." }
 @String{JSIAMB = "Journal of the Society for Industrial and Applied
     Mathematics, Series B, Numerical Analysis" }
 @String{JSIAMB = "J. Soc. Indust. Appl. Math. Ser. B Numer. Anal." }
 @String{SIAMAlgMeth = "{SIAM} Journal on Algebraic and Discrete Methods" }
 @String{SIAMAlgMeth = "{SIAM} J. Algebraic Discrete Methods" }
 @String{SIAMAppMath = "{SIAM} Journal on Applied Mathematics" }
 @String{SIAMAppMath = "{SIAM} J. Appl. Math." }
 @String{SIAMComp = "{SIAM} Journal on Computing" }
 @String{SIAMComp = "{SIAM} J. Comput." }
 @String{SIAMMatrix = "{SIAM} Journal on Matrix Analysis and Applications" }
 @String{SIAMMatrix = "{SIAM} J. Matrix Anal. Appl." }
 @String{SIAMNumAnal = "{SIAM} Journal on Numerical Analysis" }
 @String{SIAMNumAnal = "{SIAM} J. Numer. Anal." }
 @String{SIAMReview = "{SIAM} Review" }
 @String{SIAMReview = "{SIAM} Rev." }
 @String{SIAMSciStat = "{SIAM} Journal on Scientific and Statistical
     Computing" }
 @String{SIAMSciStat = "{SIAM} J. Sci. Statist. Comput." }

 @String{SoftPracExp = "Software Practice and Experience" }
 @String{SoftPracExp = "Software Prac. Experience" } % didn't find in AMS MR
 @String{StatScience = "Statistical Science" }
 @String{StatScience = "Statist. Sci." }
 @String{Techno = "Technometrics" }
 @String{USSRCompMathPhys = "{USSR} Computational Mathematics and Mathematical
     Physics" }
 @String{USSRCompMathPhys = "{U. S. S. R.} Comput. Math. and Math. Phys." }
 @String{VLSICompSys = "Journal of {VLSI} and Computer Systems" }
 @String{VLSICompSys = "J. {VLSI} Comput. Syst." }
 @String{ZAngewMathMech = "Zeitschrift fur Angewandte Mathematik und
     Mechanik" }
 @String{ZAngewMathMech = "Z. Angew. Math. Mech." }
 @String{ZAngewMathPhys = "Zeitschrift fur Angewandte Mathematik und Physik" }
 @String{ZAngewMathPhys = "Z. Angew. Math. Phys." }

% Publishers % ================================================= |

 @String{Academic = "Academic Press" }
 @String{ACMPress = "{ACM} Press" }
 @String{AdamHilger = "Adam Hilger" }
 @String{AddisonWesley = "Addison-Wesley" }
 @String{AllynBacon = "Allyn and Bacon" }
 @String{AMS = "American Mathematical Society" }
 @String{Birkhauser = "Birkha{\"u}ser" }
 @String{CambridgePress = "Cambridge University Press" }
 @String{Chelsea = "Chelsea" }
 @String{ClaredonPress = "Claredon Press" }
 @String{DoverPub = "Dover Publications" }
 @String{Eyolles = "Eyolles" }
 @String{HoltRinehartWinston = "Holt, Rinehart and Winston" }
 @String{Interscience = "Interscience" }
 @String{JohnsHopkinsPress = "The Johns Hopkins University Press" }
 @String{JohnWileySons = "John Wiley and Sons" }
 @String{Macmillan = "Macmillan" }
 @String{MathWorks = "The Math Works Inc." }
 @String{McGrawHill = "McGraw-Hill" }
 @String{NatBurStd = "National Bureau of Standards" }
 @String{NorthHolland = "North-Holland" }
 @String{OxfordPress = "Oxford University Press" }  %address Oxford or London?
 @String{PergamonPress = "Pergamon Press" }
 @String{PlenumPress = "Plenum Press" }
 @String{PrenticeHall = "Prentice-Hall" }
 @String{SIAMPub = "{SIAM} Publications" }
 @String{Springer = "Springer-Verlag" }
 @String{TexasPress = "University of Texas Press" }
 @String{VanNostrand = "Van Nostrand" }
 @String{WHFreeman = "W. H. Freeman and Co." }

%Entries

@Article{DBLP:journals/corr/MoniruzzamanH13,
  author    = "A. B. M. Moniruzzaman and Syed Akhter Hossain",
  title     = "NoSQL Database: New Era of Databases for Big data Analytics - Classification, Characteristics and Comparison",
  journal   = "CoRR",
  volume    = {abs/1307.0191},
  year      = {2013},
  url       = {http://arxiv.org/abs/1307.0191},
  archivePrefix = {arXiv},
  eprint    = {1307.0191},
  timestamp = {Mon, 13 Aug 2018 16:49:17 +0200},
  biburl    = {https://dblp.org/rec/bib/journals/corr/MoniruzzamanH13},
  bibsource = {dblp computer science bibliography, https://dblp.org}
}



@Article{DBLP:journals/corr/Sharma15b,
	author    = {Sugam Sharma},
	title     = {An Extended Classification and Comparison of NoSQL Big Data Models},
	journal   = {CoRR},
	volume    = {abs/1509.08035},
	year      = {2015},
	url       = {http://arxiv.org/abs/1509.08035},
	archivePrefix = {arXiv},
	eprint    = {1509.08035},
	timestamp = {Mon, 13 Aug 2018 16:48:53 +0200},
	biburl    = {https://dblp.org/rec/bib/journals/corr/Sharma15b},
	bibsource = {dblp computer science bibliography, https://dblp.org}
}

@Article{DBLP:journals/corr/abs-1804-00465,
	author    = {Xi Zheng},
	title     = {Database as a Service - Current Issues and Its Future},
	journal   = {CoRR},
	volume    = {abs/1804.00465},
	year      = {2018},
	url       = {http://arxiv.org/abs/1804.00465},
	archivePrefix = {arXiv},
	eprint    = {1804.00465},
	timestamp = {Mon, 13 Aug 2018 16:45:58 +0200},
	biburl    = {https://dblp.org/rec/bib/journals/corr/abs-1804-00465},
	bibsource = {dblp computer science bibliography, https://dblp.org}
}

@Article{Truica2015PerformanceEF,
	title={Performance Evaluation for CRUD Operations in Asynchronously Replicated Document Oriented Database},
	author={Ciprian-Octavian Truica and Florin Radulescu and Alexandru Boicea and Ion Bucur},
	journal={2015 20th International Conference on Control Systems and Computer Science},
	year={2015},
	pages={191-196}
}


@inproceedings{Strl2015SchemalessND,
	title={Schemaless NoSQL Data Stores - Object-NoSQL Mappers to the Rescue?},
	author={Uta St{\"o}rl and Thomas Hauf and Meike Klettke and Stefanie Scherzinger},
	booktitle={BTW},
	year={2015}
}

@article{Loureno2015ChoosingTR,
	title={Choosing the right NoSQL database for the job: a quality attribute evaluation},
	author={Jo{\~a}o Ricardo Lourenço and Bruno Cabral and Paulo Carreiro and Marco Vieira and Jorge Bernardino},
	journal={Journal of Big Data},
	year={2015},
	volume={2},
	pages={1-26}
}

@article{factsheet,
	title={Big Data Statistics and Facts for 2017},
	author={Mark Mulcahy},
	year={2017},
	url={https://www.waterfordtechnologies.com/big-data-interesting-facts}
}



@inproceedings{Deepak2016ACC,
  title={A Critical Comparison of NOSQL Databases in the Context of ACID and BASE by},
  author={G. Deepak},
  year={2016}
}

@inproceedings{Schram2012MySQLTN,
  title={MySQL to NoSQL: data modeling challenges in supporting scalability},
  author={Aaron Schram and Kenneth Mark Anderson},
  booktitle={SPLASH},
  year={2012}
}

@inproceedings{Webber2012API,
  title={A programmatic introduction to Neo4j},
  author={Jim Webber},
  booktitle={SPLASH},
  year={2012}
}

@article{DBLP:journals/corr/abs-1712-04344,
  author    = {Hassan Nazeer and
               Waheed Iqbal and
               Fawaz S. Bokhari and
               Faisal Bukhari and
               Shuja Ur Rehman Baig},
  title     = {Real-time Text Analytics Pipeline Using Open-source Big Data Tools},
  journal   = {CoRR},
  volume    = {abs/1712.04344},
  year      = {2017},
  url       = {http://arxiv.org/abs/1712.04344},
  archivePrefix = {arXiv},
  eprint    = {1712.04344},
  timestamp = {Mon, 13 Aug 2018 16:47:02 +0200},
  biburl    = {https://dblp.org/rec/bib/journals/corr/abs-1712-04344},
  bibsource = {dblp computer science bibliography, https://dblp.org}
}


@inproceedings{limit,
  title={The Limitations of NoSQL Database Storage: Why NoSQL's Not Perfect},
  author={Christopher Tozzi},
  year={2016},
  url={https://www.channelfutures.com/cloud-services/limitations-nosql-database-storage-why-nosqls-not-perfect}
}

@article{Vora2011HadoopHBaseFL,
  title={Hadoop-HBase for large-scale data},
  author={Mehul Nalin Vora},
  journal={Proceedings of 2011 International Conference on Computer Science and Network Technology},
  year={2011},
  volume={1},
  pages={601-605}
}

@article{Chang2006BigtableAD,
  title={Bigtable: A Distributed Storage System for Structured Data},
  author={Fay Chang and Jeffrey Dean and Sanjay Ghemawat and Wilson C. Hsieh and Deborah A. Wallach and Michael Burrows and Tushar Chandra and Andrew Fikes and Robert E. Gruber},
  journal={ACM Trans. Comput. Syst.},
  year={2006},
  volume={26},
  pages={4:1-4:26}
}

@book{deka2014handbook,
  title={Handbook of Research on Securing Cloud-Based Databases with Biometric Applications},
  author={Deka, G.C.},
  isbn={9781466665606},
  lccn={2014029334},
  series={Advances in Information Security, Privacy, and Ethics: },
  url={https://books.google.com/books?id=iiKXBQAAQBAJ},
  year={2014},
  publisher={IGI Global}
}

@article{Brewer2012CAPTY,
  title={CAP twelve years later: How the "rules" have changed},
  author={Eric A. Brewer},
  journal={Computer},
  year={2012},
  volume={45},
  pages={23-29}
}

