@article{kaggle,
  author    = {City of Oakland},
  title     = {Oakland Crime Statistics 2011 to 2016},
  journal   = {Kaggle},
  year      = {2018},
  url       = {https://www.kaggle.com/cityofoakland/oakland-crime-statistics-2011-to-2016/home}
}

@article{pymysql,
  author    = {Yutaka Matsubara},
  title     = {PyMySQL Documentation},
  year      = {2016},
  url       = {https://pymysql.readthedocs.io/en/latest/user/index.html}
}


